<?xml version="1.0" encoding="UTF-8"?><collection xmlns="http://www.loc.gov/MARC21/slim"><record><leader>00419nam--2200169-u-4500</leader><controlfield tag="001">000051732</controlfield><controlfield tag="002">20161230</controlfield><controlfield tag="005">20161230201049</controlfield><controlfield tag="008">080917s1000------------r-----000-0-eng-d</controlfield><datafield ind1=" " ind2=" " tag="040"><subfield code="a">IFIN-HH</subfield></datafield><datafield ind1=" " ind2=" " tag="080"><subfield code="a">517.7</subfield></datafield><datafield ind1="1" ind2=" " tag="100"><subfield code="a">Goudet, Georges</subfield></datafield><datafield ind1="1" ind2="0" tag="245"><subfield code="a">Les Fonctions des Bessel et Leurs Applications en Physiques</subfield></datafield><datafield ind1=" " ind2=" " tag="260"><subfield code="a">Paris</subfield><subfield code="c">1954</subfield></datafield><datafield ind1=" " ind2=" " tag="300"><subfield code="a">90 p</subfield></datafield><datafield ind1=" " ind2=" " tag="852"><subfield code="a">10330</subfield><subfield code="c">517.7</subfield></datafield><datafield ind1=" " ind2=" " tag="CAT"><subfield code="a">Sys</subfield><subfield code="c">20080917</subfield><subfield code="h">131746</subfield></datafield></record></collection>